<?xml version="1.0" encoding="UTF-8"?><record xmlns="http://www.loc.gov/MARC21/slim" xmlns:cinclude="http://apache.org/cocoon/include/1.0" xmlns:zs="http://www.loc.gov/zing/srw/">
  <leader>00557cz  a2200133n  4500</leader>
  <controlfield tag="001">no2013107711</controlfield>
  <controlfield tag="003">DLC</controlfield>
  <controlfield tag="005">20131009073736.0</controlfield>
  <controlfield tag="008">131002n| azannaabn          |n aaa     c</controlfield>
  <datafield tag="010" ind1=" " ind2=" ">
    <subfield code="a">no2013107711</subfield>
  </datafield>
  <datafield tag="035" ind1=" " ind2=" ">
    <subfield code="a">(OCoLC)oca09583041</subfield>
  </datafield>
  <datafield tag="040" ind1=" " ind2=" ">
    <subfield code="a">InU</subfield>
    <subfield code="b">eng</subfield>
    <subfield code="e">rda</subfield>
    <subfield code="c">InU</subfield>
    <subfield code="d">InU</subfield>
  </datafield>
  <datafield tag="100" ind1="1" ind2=" ">
    <subfield code="a">Ku̇zekova, Zeĭnekhan</subfield>
  </datafield>
  <datafield tag="670" ind1=" " ind2=" ">
    <subfield code="a">Ku̇zekova, Zeĭnekhan. Qazaqsha-oryssha, oryssha-Qazaqsha diplomatii︠a︡lyq qysqasha sȯzdīk, 1998:</subfield>
    <subfield code="b">title page (Zeĭnekhan Ku̇zekova) colophon (Ku̇zekova Zeĭnekhan Seĭītkhanqyzy; filologii︠a︡ ghylym. kandidaty, dot︠s︡ent)</subfield>
  </datafield>
</record>